
@inproceedings{gens_learning_2013,
	title = {Learning the {Structure} of {Sum}-{Product} {Networks}},
	language = {en},
	booktitle = {{PMLR}},
	author = {Gens, Robert and Domingos, Pedro},
	year = {2013},
	pages = {873--880},
	file = {Gens and Domingos - Learning the Structure of Sum-Product Networks.pdf:C\:\\Users\\bened\\Zotero\\storage\\YCQW6ZE3\\Gens and Domingos - Learning the Structure of Sum-Product Networks.pdf:application/pdf},
}

@article{kobyzev_normalizing_2021,
	title = {Normalizing {Flows}: {An} {Introduction} and {Review} of {Current} {Methods}},
	volume = {43},
	issn = {1939-3539},
	shorttitle = {Normalizing {Flows}},
	doi = {10.1109/TPAMI.2020.2992934},
	number = {11},
	journal = {IEEE Transactions on Pattern Analysis and Machine Intelligence},
	author = {Kobyzev, Ivan and Prince, Simon J.D. and Brubaker, Marcus A.},
	month = nov,
	year = {2020},
	pages = {3964--3979},
}

@article{kruger_computational_2014,
	title = {Computational {State} {Space} {Models} for {Activity} and {Intention} {Recognition}. {A} {Feasibility} {Study}},
	volume = {9},
	issn = {1932-6203},
	url = {https://journals.plos.org/plosone/article?id=10.1371/journal.pone.0109381},
	doi = {10.1371/journal.pone.0109381},
	language = {en},
	number = {11},
	urldate = {2022-07-26},
	journal = {PLOS ONE},
	author = {Krüger, Frank and Nyolt, Martin and Yordanova, Kristina and Hein, Albert and Kirste, Thomas},
	month = nov,
	year = {2014},
	note = {Publisher: Public Library of Science},
	keywords = {Random variables, Activities of daily living, Algorithms, Dynamical systems, Hidden Markov models, Language, Simulation and modeling, Statistical models, Symbolic Reasoning},
	pages = {e109381},
	file = {Full Text PDF:C\:\\Users\\bened\\Zotero\\storage\\INVVNB6D\\Krüger et al. - 2014 - Computational State Space Models for Activity and .pdf:application/pdf;Snapshot:C\:\\Users\\bened\\Zotero\\storage\\6F94EGX4\\article.html:text/html},
}

@inproceedings{papamakarios_masked_2017,
	title = {Masked {Autoregressive} {Flow} for {Density} {Estimation}},
	volume = {30},
	url = {https://proceedings.neurips.cc/paper/2017/hash/6c1da886822c67822bcf3679d04369fa-Abstract.html},
	urldate = {2022-07-26},
	booktitle = {Advances in {Neural} {Information} {Processing} {Systems}},
	publisher = {Curran Associates, Inc.},
	author = {Papamakarios, George and Pavlakou, Theo and Murray, Iain},
	year = {2017},
	file = {Full Text PDF:C\:\\Users\\bened\\Zotero\\storage\\7PJUIWRN\\Papamakarios et al. - 2017 - Masked Autoregressive Flow for Density Estimation.pdf:application/pdf},
}

@inproceedings{ramirez_goal_2011,
	title = {Goal {Recognition} over {POMDPs}: {Inferring} the {Intention} of a {POMDP} {Agent}},
	language = {en},
	booktitle = {Twenty-second international joint conference on artificial intelligence},
	author = {Ramirez, Miquel and Geffner, Hector},
	year = {2011},
	pages = {2009--2014}
	file = {Ramirez and Geffner - Goal Recognition over POMDPs Inferring the Intent.pdf:C\:\\Users\\bened\\Zotero\\storage\\8A6CY3CQ\\Ramirez and Geffner - Goal Recognition over POMDPs Inferring the Intent.pdf:application/pdf},
}

@article{moya_rueda_convolutional_2018,
	title = {Convolutional {Neural} {Networks} for {Human} {Activity} {Recognition} {Using} {Body}-{Worn} {Sensors}},
	volume = {5},
	copyright = {http://creativecommons.org/licenses/by/3.0/},
	issn = {2227-9709},
	url = {https://www.mdpi.com/2227-9709/5/2/26},
	doi = {10.3390/informatics5020026},
	language = {en},
	number = {2},
	urldate = {2022-07-26},
	journal = {Informatics},
	author = {Moya Rueda, Fernando and Grzeszick, René and Fink, Gernot A. and Feldhorst, Sascha and Ten Hompel, Michael},
	month = jun,
	year = {2018},
	publisher = {MDPI},
	pages = {26},
}

@inproceedings{rueda_combining_2019,
	title = {Combining {Symbolic} {Reasoning} and {Deep} {Learning} for {Human} {Activity} {Recognition}},
	doi = {10.1109/PERCOMW.2019.8730792},
	booktitle = {2019 {IEEE} {International} {Conference} on {Pervasive} {Computing} and {Communications} {Workshops} ({PerCom} {Workshops})},
	author = {Moya Rueda, Fernando and Lüdtke, Stefan and Schröder, Max and Yordanova, Kristina and Kirste, Thomas and Fink, Gernot A.},
	month = mar,
	year = {2019},
	keywords = {Computational modeling, Context modeling, Activity recognition, Computer architecture, Deep learning, Feature extraction, Human Activity Recognition, Probabilistic logic, Symbolic Reasoning},
	pages = {22--27},
	file = {IEEE Xplore Abstract Record:C\:\\Users\\bened\\Zotero\\storage\\VYBWJPMG\\8730792.html:text/html;IEEE Xplore Full Text PDF:C\:\\Users\\bened\\Zotero\\storage\\LZB55LBG\\Rueda et al. - 2019 - Combining Symbolic Reasoning and Deep Learning for.pdf:application/pdf},
}

@article{baker_action_2009,
	series = {Reinforcement learning and higher cognition},
	title = {Action understanding as inverse planning},
	volume = {113},
	issn = {0010-0277},
	url = {https://www.sciencedirect.com/science/article/pii/S0010027709001607},
	doi = {10.1016/j.cognition.2009.07.005},
	language = {en},
	number = {3},
	urldate = {2022-07-26},
	journal = {Cognition},
	author = {Baker, Chris L. and Saxe, Rebecca and Tenenbaum, Joshua B.},
	month = dec,
	year = {2009},
	keywords = {Action understanding, Bayesian models, Goal inference, Inverse reinforcement learning, Theory of mind},
	pages = {329--349},
	file = {ScienceDirect Snapshot:C\:\\Users\\bened\\Zotero\\storage\\AUHTHZIA\\S0010027709001607.html:text/html;Submitted Version:C\:\\Users\\bened\\Zotero\\storage\\UDB3ZMZL\\Baker et al. - 2009 - Action understanding as inverse planning.pdf:application/pdf},
}

@book{koller_probabilistic_2009,
	title = {Probabilistic {Graphical} {Models}: {Principles} and {Techniques}},
	isbn = {978-0-262-01319-2},
	shorttitle = {Probabilistic {Graphical} {Models}},
	language = {en},
	publisher = {MIT Press},
	author = {Koller, Daphne and Friedman, Nir},
	month = jul,
	year = {2009},
	note = {Google-Books-ID: 7dzpHCHzNQ4C},
	keywords = {Computers / Artificial Intelligence / General},
}

@article{chen_sensor-based_2012,
	title = {Sensor-{Based} {Activity} {Recognition}},
	volume = {42},
	issn = {1558-2442},
	doi = {10.1109/TSMCC.2012.2198883},
	number = {6},
	journal = {IEEE Transactions on Systems, Man, and Cybernetics, Part C (Applications and Reviews)},
	author = {Chen, Liming and Hoey, Jesse and Nugent, Chris D. and Cook, Diane J. and Yu, Zhiwen},
	month = nov,
	year = {2012},
	keywords = {Data models, Hidden Markov models, Activity modeling, activity monitoring, activity recognition, Biomedical monitoring, dense sensing, Human factors, Monitoring, pervasive computing, Wearable sensors},
	pages = {790--808},
	file = {IEEE Xplore Abstract Record:C\:\\Users\\bened\\Zotero\\storage\\CDFEFCKX\\6208895.html:text/html;IEEE Xplore Full Text PDF:C\:\\Users\\bened\\Zotero\\storage\\I4YA9HJL\\Chen et al. - 2012 - Sensor-Based Activity Recognition.pdf:application/pdf},
}

@misc{manhaeve_neural_2019,
	title = {Neural {Probabilistic} {Logic} {Programming} in {DeepProbLog}},
	url = {http://arxiv.org/abs/1907.08194},
	urldate = {2022-09-06},
	publisher = {arXiv},
	author = {Manhaeve, Robin and Dumančić, Sebastijan and Kimmig, Angelika and Demeester, Thomas and De Raedt, Luc},
	month = sep,
	year = {2019},
	note = {arXiv:1907.08194},
	keywords = {Computer Science - Artificial Intelligence},
	file = {arXiv Fulltext PDF:C\:\\Users\\bened\\Zotero\\storage\\H8WR9FPF\\Manhaeve et al. - 2019 - Neural Probabilistic Logic Programming in DeepProb.pdf:application/pdf;arXiv.org Snapshot:C\:\\Users\\bened\\Zotero\\storage\\3VWEQSII\\1907.html:text/html},
}

@inproceedings{manhaeve_deepproblog_2018,
	title = {{DeepProbLog}: {Neural} {Probabilistic} {Logic} {Programming}},
	volume = {31},
	shorttitle = {{DeepProbLog}},
	urldate = {2022-09-06},
	booktitle = {Advances in {Neural} {Information} {Processing} {Systems}},
	publisher = {Curran Associates, Inc.},
	author = {Manhaeve, Robin and Dumancic, Sebastijan and Kimmig, Angelika and Demeester, Thomas and De Raedt, Luc},
	year = {2018},
	keywords = {Hybrid},
	file = {Full Text PDF:C\:\\Users\\bened\\Zotero\\storage\\IJJH8KTW\\Manhaeve et al. - 2018 - DeepProbLog Neural Probabilistic Logic Programmin.pdf:application/pdf},
}

@misc{hammerla_deep_2016,
	title = {Deep, {Convolutional}, and {Recurrent} {Models} for {Human} {Activity} {Recognition} using {Wearables}},
	url = {http://arxiv.org/abs/1604.08880},
	urldate = {2022-09-06},
	publisher = {arXiv},
	author = {Hammerla, Nils Y. and Halloran, Shane and Ploetz, Thomas},
	month = apr,
	year = {2016},
	note = {arXiv:1604.08880},
	keywords = {Computer Science - Artificial Intelligence, Computer Science - Machine Learning, Statistics - Machine Learning, Computer Science - Human-Computer Interaction},
	file = {arXiv Fulltext PDF:C\:\\Users\\bened\\Zotero\\storage\\RLIUPZKK\\Hammerla et al. - 2016 - Deep, Convolutional, and Recurrent Models for Huma.pdf:application/pdf;arXiv.org Snapshot:C\:\\Users\\bened\\Zotero\\storage\\VXLG3B2U\\1604.html:text/html},
}

@inproceedings{riboni_unsupervised_2016,
	address = {Heidelberg Germany},
	title = {Unsupervised recognition of interleaved activities of daily living through ontological and probabilistic reasoning},
	isbn = {978-1-4503-4461-6},
	url = {https://dl.acm.org/doi/10.1145/2971648.2971691},
	doi = {10.1145/2971648.2971691},
	language = {en},
	urldate = {2022-09-06},
	booktitle = {Proceedings of the 2016 {ACM} {International} {Joint} {Conference} on {Pervasive} and {Ubiquitous} {Computing}},
	publisher = {ACM},
	author = {Riboni, Daniele and Sztyler, Timo and Civitarese, Gabriele and Stuckenschmidt, Heiner},
	month = sep,
	year = {2016},
	keywords = {Symbolic Reasoning},
	pages = {1--12},
}

@article{ordonez_deep_2016,
	title = {Deep {Convolutional} and {LSTM} {Recurrent} {Neural} {Networks} for {Multimodal} {Wearable} {Activity} {Recognition}},
	volume = {16},
	copyright = {http://creativecommons.org/licenses/by/3.0/},
	issn = {1424-8220},
	url = {https://www.mdpi.com/1424-8220/16/1/115},
	doi = {10.3390/s16010115},
	language = {en},
	number = {1},
	urldate = {2022-09-06},
	journal = {Sensors},
	author = {Ordóñez, Francisco Javier and Roggen, Daniel},
	month = jan,
	year = {2016},
	note = {Number: 1
Publisher: Multidisciplinary Digital Publishing Institute},
	keywords = {deep learning, machine learning, human activity recognition, LSTM, neural network, sensor fusion, wearable sensors, Neural},
	pages = {115},
	file = {Full Text PDF:C\:\\Users\\bened\\Zotero\\storage\\UQHQU4LN\\Ordóñez and Roggen - 2016 - Deep Convolutional and LSTM Recurrent Neural Netwo.pdf:application/pdf;Snapshot:C\:\\Users\\bened\\Zotero\\storage\\6W26NBKL\\html.html:text/html},
}

@misc{yao_efficient_2017,
	title = {Efficient {Dense} {Labeling} of {Human} {Activity} {Sequences} from {Wearables} using {Fully} {Convolutional} {Networks}},
	url = {http://arxiv.org/abs/1702.06212},
	urldate = {2022-09-06},
	publisher = {arXiv},
	author = {Yao, Rui and Lin, Guosheng and Shi, Qinfeng and Ranasinghe, Damith},
	month = feb,
	year = {2017},
	note = {arXiv:1702.06212},
	keywords = {Computer Science - Computer Vision and Pattern Recognition, Computer Science - Human-Computer Interaction, neural network},
	file = {arXiv Fulltext PDF:C\:\\Users\\bened\\Zotero\\storage\\GYMBRTHH\\Yao et al. - 2017 - Efficient Dense Labeling of Human Activity Sequenc.pdf:application/pdf;arXiv.org Snapshot:C\:\\Users\\bened\\Zotero\\storage\\E7P5UG2P\\1702.html:text/html},
}

@article{chen_deep_2022,
	title = {Deep {Learning} for {Sensor}-based {Human} {Activity} {Recognition}: {Overview}, {Challenges}, and {Opportunities}},
	volume = {54},
	issn = {0360-0300, 1557-7341},
	shorttitle = {Deep {Learning} for {Sensor}-based {Human} {Activity} {Recognition}},
	url = {https://dl.acm.org/doi/10.1145/3447744},
	doi = {10.1145/3447744},
	language = {en},
	number = {4},
	urldate = {2022-09-06},
	journal = {ACM Computing Surveys},
	author = {Chen, Kaixuan and Zhang, Dalin and Yao, Lina and Guo, Bin and Yu, Zhiwen and Liu, Yunhao},
	month = may,
	year = {2022},
	keywords = {Deep Neural Network, neural network},
	pages = {1--40},
	file = {Chen et al. - 2022 - Deep Learning for Sensor-based Human Activity Reco.pdf:C\:\\Users\\bened\\Zotero\\storage\\GJMREEQM\\Chen et al. - 2022 - Deep Learning for Sensor-based Human Activity Reco.pdf:application/pdf},
}

@article{shavit_boosting_2021,
	title = {Boosting {Inertial}-{Based} {Human} {Activity} {Recognition} {With} {Transformers}},
	volume = {9},
	issn = {2169-3536},
	doi = {10.1109/ACCESS.2021.3070646},
	journal = {IEEE Access},
	author = {Shavit, Yoli and Klein, Itzik},
	year = {2021},
	keywords = {Neural networks, convolutional neural networks, Activity recognition, Accelerometers, Belts, Human activity recognition, inertial sensors, Legged locomotion, Magnetic heads, pedestrian dead reckoning, sequence analysis, smartphone location recognition, Stairs, Task analysis, Transformers},
	pages = {53540--53547},
}

@inproceedings{sztyler_modeling_2018,
	title = {Modeling and {Reasoning} with {ProbLog}: {An} {Application} in {Recognizing} {Complex} {Activities}},
	shorttitle = {Modeling and {Reasoning} with {ProbLog}},
	doi = {10.1109/PERCOMW.2018.8480299},
	booktitle = {2018 {IEEE} {International} {Conference} on {Pervasive} {Computing} and {Communications} {Workshops} ({PerCom} {Workshops})},
	author = {Sztyler, Timo and Civitarese, Gabriele and Stuckenschmidt, Heiner},
	month = mar,
	year = {2018},
	keywords = {Context modeling, Random variables, Activity recognition, Probabilistic logic, Symbolic Reasoning, Knowledge based systems, Sensor phenomena and characterization},
	pages = {259--264},
	file = {IEEE Xplore Abstract Record:C\:\\Users\\bened\\Zotero\\storage\\852NSZ5E\\8480299.html:text/html;IEEE Xplore Full Text PDF:C\:\\Users\\bened\\Zotero\\storage\\CET8DBJW\\Sztyler et al. - 2018 - Modeling and Reasoning with ProbLog An Applicatio.pdf:application/pdf},
}

@misc{ludtke_lifted_2018,
	title = {Lifted {Filtering} via {Exchangeable} {Decomposition}},
	url = {http://arxiv.org/abs/1801.10495},
	urldate = {2022-09-06},
	publisher = {arXiv},
	author = {Lüdtke, Stefan and Schröder, Max and Bader, Sebastian and Kersting, Kristian and Kirste, Thomas},
	month = may,
	year = {2018},
	note = {arXiv:1801.10495},
	keywords = {Computer Science - Artificial Intelligence, Symbolic Reasoning},
	file = {arXiv Fulltext PDF:C\:\\Users\\bened\\Zotero\\storage\\XQ8NKNFL\\Lüdtke et al. - 2018 - Lifted Filtering via Exchangeable Decomposition.pdf:application/pdf;arXiv.org Snapshot:C\:\\Users\\bened\\Zotero\\storage\\PYTQX7GM\\1801.html:text/html},
}

@article{civitarese_polaris_2021,
	title = {{POLARIS}: {Probabilistic} and {Ontological} {Activity} {Recognition} in {Smart}-{Homes}},
	volume = {33},
	issn = {1558-2191},
	shorttitle = {{POLARIS}},
	doi = {10.1109/TKDE.2019.2930050},
	number = {1},
	journal = {IEEE Transactions on Knowledge and Data Engineering},
	author = {Civitarese, Gabriele and Sztyler, Timo and Riboni, Daniele and Bettini, Claudio and Stuckenschmidt, Heiner},
	month = jan,
	year = {2021},
	note = {Conference Name: IEEE Transactions on Knowledge and Data Engineering},
	keywords = {Ontologies, Activity recognition, Probabilistic logic, Symbolic Reasoning, pervasive computing, Correlation, online/offline activity recognition, Ontological reasoning, probabilistic reasoning, Semantics, unsupervised classification},
	pages = {209--223},
	file = {IEEE Xplore Abstract Record:C\:\\Users\\bened\\Zotero\\storage\\4MPH7G8B\\8769915.html:text/html;IEEE Xplore Full Text PDF:C\:\\Users\\bened\\Zotero\\storage\\8TDT3IQR\\Civitarese et al. - 2021 - POLARIS Probabilistic and Ontological Activity Re.pdf:application/pdf},
}

@misc{garcez_neurosymbolic_2020,
	title = {Neurosymbolic {AI}: {The} 3rd {Wave}},
	shorttitle = {Neurosymbolic {AI}},
	url = {http://arxiv.org/abs/2012.05876},
	urldate = {2022-09-06},
	publisher = {arXiv},
	author = {Garcez, Artur d'Avila and Lamb, Luis C.},
	month = dec,
	year = {2020},
	note = {arXiv:2012.05876},
	keywords = {Computer Science - Artificial Intelligence, Computer Science - Machine Learning, Neuro-symbolic, Hybrid, Overview},
	file = {arXiv Fulltext PDF:C\:\\Users\\bened\\Zotero\\storage\\A5H744GJ\\Garcez and Lamb - 2020 - Neurosymbolic AI The 3rd Wave.pdf:application/pdf;arXiv.org Snapshot:C\:\\Users\\bened\\Zotero\\storage\\9SBA23SG\\2012.html:text/html},
}

@misc{ludtke_human_2021,
	title = {Human {Activity} {Recognition} using {Attribute}-{Based} {Neural} {Networks} and {Context} {Information}},
	url = {http://arxiv.org/abs/2111.04564},
	urldate = {2022-09-06},
	publisher = {arXiv},
	author = {Lüdtke, Stefan and Rueda, Fernando Moya and Ahmed, Waqas and Fink, Gernot A. and Kirste, Thomas},
	month = oct,
	year = {2021},
	note = {arXiv:2111.04564},
	keywords = {Computer Science - Artificial Intelligence, Computer Science - Machine Learning, Electrical Engineering and Systems Science - Signal Processing},
	file = {arXiv Fulltext PDF:C\:\\Users\\bened\\Zotero\\storage\\93HXTXAW\\Lüdtke et al. - 2021 - Human Activity Recognition using Attribute-Based N.pdf:application/pdf;arXiv.org Snapshot:C\:\\Users\\bened\\Zotero\\storage\\TUKE27GG\\2111.html:text/html},
}

@inproceedings{germain_made_nodate,
	title = {{MADE}: {Masked} {Autoencoder} for {Distribution} {Estimation}},
	doi = {10.48550/ARXIV.1502.03509},
	url = {https://arxiv.org/abs/1502.03509},
	language = {en},
	author = {Germain, Mathieu and Gregor, Karol and Murray, Iain and Larochelle, Hugo},
	booktitle = {International conference on machine learning},
	publisher = {PMLR},
	year = {2015},
	pages = {881--889}
}

@inproceedings{schmah_generative_2008,
	title = {Generative versus discriminative training of {RBMs} for classification of {fMRI} images},
	volume = {21},
	url = {https://proceedings.neurips.cc/paper/2008/hash/3e77a14629775492504515dc4b23deda-Abstract.html},
	urldate = {2022-09-07},
	booktitle = {Advances in {Neural} {Information} {Processing} {Systems}},
	publisher = {Curran Associates, Inc.},
	author = {Schmah, Tanya and Hinton, Geoffrey E and Small, Steven and Strother, Stephen and Zemel, Richard},
	year = {2008},
	keywords = {Background},
	file = {Full Text PDF:C\:\\Users\\bened\\Zotero\\storage\\XTDLAECF\\Schmah et al. - 2008 - Generative versus discriminative training of RBMs .pdf:application/pdf},
}

@article{raedt_problog_nodate,
	title = {{ProbLog}: {A} {Probabilistic} {Prolog} and {Its} {Application} in {Link} {Discovery}},
	language = {en},
	author = {De Raedt, Luc and Kimmig, Angelika and Toivonen, Hannu},
	volume = {7},
	journal = {IJCAI},
	pages = {2462--2467},
	year = {2007}
}

@inproceedings{arrotta_knowledge_2022,
	title = {Knowledge {Infusion} for {Context}-{Aware} {Sensor}-{Based} {Human} {Activity} {Recognition}},
	doi = {10.1109/SMARTCOMP55677.2022.00016},
	booktitle = {2022 {IEEE} {International} {Conference} on {Smart} {Computing} ({SMARTCOMP})},
	author = {Arrotta, Luca and Civitarese, Gabriele and Bettini, Claudio},
	month = jun,
	year = {2022},
	keywords = {Data models, neuro-symbolic AI, Training, Neural networks, Ontologies, Deep learning, Feature extraction, activity recognition, Knowledge engineering, knowledge infusion, hybrid},
	pages = {1--8},
	file = {IEEE Xplore Abstract Record:C\:\\Users\\bened\\Zotero\\storage\\BXLFZRTH\\9821036.html:text/html;IEEE Xplore Full Text PDF:C\:\\Users\\bened\\Zotero\\storage\\LFCA75HV\\Arrotta et al. - 2022 - Knowledge Infusion for Context-Aware Sensor-Based .pdf:application/pdf},
}

@article{sukor_hybrid_2019,
	title = {A hybrid approach of knowledge-driven and data-driven reasoning for activity recognition in smart homes},
	volume = {36},
	issn = {10641246, 18758967},
	url = {https://www.medra.org/servlet/aliasResolver?alias=iospress&doi=10.3233/JIFS-169976},
	doi = {10.3233/JIFS-169976},
	language = {en},
	number = {5},
	urldate = {2022-11-24},
	journal = {Journal of Intelligent \& Fuzzy Systems},
	author = {Sukor, Abdul Syafiq Abdull and Zakaria, Ammar and Rahim, Norasmadi Abdul and Kamarudin, Latifah Munirah and Setchi, Rossi and Nishizaki, Hiromitsu},
	editor = {Vijayakumar, V. and Subramaniyaswamy, V. and Abawajy, Jemal and Yang, Longzhi},
	month = may,
	year = {2019},
	pages = {4177--4188},
	file = {Sukor et al. - 2019 - A hybrid approach of knowledge-driven and data-dri.pdf:C\:\\Users\\bened\\Zotero\\storage\\ME2Y5CTS\\Sukor et al. - 2019 - A hybrid approach of knowledge-driven and data-dri.pdf:application/pdf},
}

@article{bettini_caviar_2020,
	title = {{CAVIAR}: {Context}-driven {Active} and {Incremental} {Activity} {Recognition}},
	volume = {196},
	issn = {09507051},
	shorttitle = {{CAVIAR}},
	url = {https://linkinghub.elsevier.com/retrieve/pii/S0950705120301969},
	doi = {10.1016/j.knosys.2020.105816},
	language = {en},
	urldate = {2022-11-24},
	journal = {Knowledge-Based Systems},
	author = {Bettini, Claudio and Civitarese, Gabriele and Presotto, Riccardo},
	month = may,
	year = {2020},
	pages = {105816},
	file = {Bettini et al. - 2020 - CAVIAR Context-driven Active and Incremental Acti.pdf:C\:\\Users\\bened\\Zotero\\storage\\V5XAJMXQ\\Bettini et al. - 2020 - CAVIAR Context-driven Active and Incremental Acti.pdf:application/pdf},
}


@misc{kostrikov_pytorch-flows_2022,
	title = {pytorch-flows},
	copyright = {MIT},
	howpublished = "\url{https://github.com/ikostrikov/pytorch-flows}",
	abstract = {PyTorch implementations of algorithms for density estimation},
	author = {Kostrikov, Ilya},
	month = sep,
	year = {2018},
	note = {Online; accessed 2022-10-14},
	keywords = {deep-learning, density-estimation, neural-networks, probabilities, pytorch},
}

@misc{um_augmentation_2017,
	title = {Python implementation of Data Augmentation For Wearable Sensor Data},
	howpublished = "\url{https://github.com/terryum/Data-Augmentation-For-Wearable-Sensor-Data}",
	author = {Um, Terry Taewoong},
	month = aug,
	year = {2017},
	note = {Online; accessed 2022-12-01},
}

@inproceedings{anguita_public_2013,
	address = {Bruges, Belgium},
	title = {A {Public} {Domain} {Dataset} for {Human} {Activity} {Recognition} {Using} {Smartphones}},
	booktitle = {21th {European} {Symposium} on {Artificial} {Neural} {Networks}, {Computational} {Intelligence} and {Machine} {Learning}},
	author = {Anguita, Davide and Ghio, Alessandro and Oneto, Luca and Parra, Xavier and Reyes-Ortiz, Jorge L.},
	month = apr,
	year = {2013},
	note = {\url{https://archive.ics.uci.edu/ml/datasets/human+activity+recognition+using+smartphones}}
}

@inproceedings{malekzadeh_mobile_2019,
	address = {Montreal, Quebec, Canada},
	title = {Mobile {Sensor} {Data} {Anonymization}},
	isbn = {978-1-4503-6283-2},
	url = {http://doi.acm.org/10.1145/3302505.3310068},
	doi = {10.1145/3302505.3310068},
	booktitle = {Proceedings of the {International} {Conference} on {Internet} of {Things} {Design} and {Implementation}},
	publisher = {ACM},
	author = {Malekzadeh, Mohammad and Clegg, Richard G. and Cavallaro, Andrea and Haddadi, Hamed},
	year = {2019},
	pages = {49--58},
	note = {\url{https://github.com/mmalekzadeh/motion-sense/tree/master/data}}
}

@misc{kruger_recognising_2011,
	title = {Recognising user actions during cooking task ({Cooking} task dataset): {IMU} {Data}},
	copyright = {CC BY 4.0},
	shorttitle = {Recognising user actions during cooking task ({Cooking} task dataset)},
	howpublished = "\url{https://rosdok.uni-rostock.de/resolve/id/rosdok_document_0000010639}",
	urldate = {2023-01-03},
	author = {Krüger, Frank and Hein, Albert and Yordanova, Kristina and Kirste, Thomas},
	year = {2011},
	note = {Publisher: University of Rostock},
	file = {Snapshot:C\:\\Users\\bened\\Zotero\\storage\\MJ8EQNNB\\rosdok_document_0000010639.html:text/html},
}

@inproceedings{um_data_2017,
	title = {Data {Augmentation} of {Wearable} {Sensor} {Data} for {Parkinson}'s {Disease} {Monitoring} using {Convolutional} {Neural} {Networks}},
	url = {http://arxiv.org/abs/1706.00527},
	doi = {10.1145/3136755.3136817},
	urldate = {2023-01-03},
	booktitle = {Proceedings of the 19th {ACM} {International} {Conference} on {Multimodal} {Interaction}},
	author = {Um, Terry Taewoong and Pfister, Franz Michael Josef and Pichler, Daniel and Endo, Satoshi and Lang, Muriel and Hirche, Sandra and Fietzek, Urban and Kulić, Dana},
	month = nov,
	year = {2017},
	keywords = {Computer Science - Computer Vision and Pattern Recognition},
	pages = {216--220},
	file = {arXiv Fulltext PDF:C\:\\Users\\bened\\Zotero\\storage\\F52QKR9I\\Um et al. - 2017 - Data Augmentation of Wearable Sensor Data for Park.pdf:application/pdf;arXiv.org Snapshot:C\:\\Users\\bened\\Zotero\\storage\\2ZZ3AQ3U\\1706.html:text/html},
}


@inproceedings{eldele_time-series_2021,
	address = {Montreal, Canada},
	title = {Time-{Series} {Representation} {Learning} via {Temporal} and {Contextual} {Contrasting}},
	isbn = {978-0-9992411-9-6},
	url = {https://www.ijcai.org/proceedings/2021/324},
	doi = {10.24963/ijcai.2021/324},
	language = {en},
	urldate = {2023-01-04},
	booktitle = {Proceedings of the {Thirtieth} {International} {Joint} {Conference} on {Artificial} {Intelligence}},
	publisher = {IJCAI},
	author = {Eldele, Emadeldeen and Ragab, Mohamed and Chen, Zhenghua and Wu, Min and Kwoh, Chee Keong and Li, Xiaoli and Guan, Cuntai},
	month = aug,
	year = {2021},
	pages = {2352--2359},
}

@misc{dinh_density_2017,
	title = {Density estimation using {Real} {NVP}},
	url = {http://arxiv.org/abs/1605.08803},
	doi = {10.48550/arXiv.1605.08803},
	urldate = {2023-01-04},
	publisher = {arXiv},
	author = {Dinh, Laurent and Sohl-Dickstein, Jascha and Bengio, Samy},
	month = feb,
	year = {2017},
	note = {arXiv:1605.08803},
	keywords = {Computer Science - Artificial Intelligence, Computer Science - Machine Learning, Computer Science - Neural and Evolutionary Computing, Statistics - Machine Learning},
	file = {arXiv Fulltext PDF:C\:\\Users\\bened\\Zotero\\storage\\9QCJGF8A\\Dinh et al. - 2017 - Density estimation using Real NVP.pdf:application/pdf;arXiv.org Snapshot:C\:\\Users\\bened\\Zotero\\storage\\2GGAF7BE\\1605.html:text/html},
}

@article{kingma_glow_2018,
	title = {Glow: {Generative} {Flow} with {Invertible} 1x1 {Convolutions}},
	url = {http://arxiv.org/abs/1807.03039},
	volume = {31},
	doi = {10.48550/arXiv.1807.03039},
	urldate = {2023-01-04},
	author = {Kingma, Diederik P. and Dhariwal, Prafulla},
	journal = {Advances in neural information processing systems},
	month = jul,
	year = {2018},
	keywords = {Computer Science - Artificial Intelligence, Computer Science - Machine Learning, Statistics - Machine Learning},
}

@article{nyolt_marginal_2015,
	title = {Marginal filtering in large state spaces},
	volume = {61},
	issn = {0888-613X},
	url = {https://www.sciencedirect.com/science/article/pii/S0888613X15000511},
	doi = {10.1016/j.ijar.2015.04.003},
	language = {en},
	urldate = {2023-01-07},
	journal = {International Journal of Approximate Reasoning},
	author = {Nyolt, Martin and Krüger, Frank and Yordanova, Kristina and Hein, Albert and Kirste, Thomas},
	month = jun,
	year = {2015},
	keywords = {Activity recognition, Bayesian inference, Marginal filter, Particle filter, Plan recognition, Symbolic models},
	pages = {16--32},
	file = {ScienceDirect Full Text PDF:C\:\\Users\\bened\\Zotero\\storage\\8LBW3TNI\\Nyolt et al. - 2015 - Marginal filtering in large state spaces.pdf:application/pdf;ScienceDirect Snapshot:C\:\\Users\\bened\\Zotero\\storage\\CPE8DUAG\\S0888613X15000511.html:text/html},
}


@article{ronald_isplinception_2021,
	title = {{iSPLInception}: {An} {Inception}-{ResNet} {Deep} {Learning} {Architecture} for {Human} {Activity} {Recognition}},
	volume = {9},
	issn = {2169-3536},
	shorttitle = {{iSPLInception}},
	doi = {10.1109/ACCESS.2021.3078184},
	journal = {IEEE Access},
	author = {Ronald, Mutegeki and Poulose, Alwin and Han, Dong Seog},
	year = {2021},
	pages = {68985--69001}
}
